@techreport{rumelhart1985learning,
	title={Learning internal representations by error propagation},
	author={Rumelhart, David E and Hinton, Geoffrey E and Williams, Ronald J},
	year={1985},
	institution={California Univ San Diego La Jolla Inst for Cognitive Science}
}

@article{hou2020deep,
	title={Deep Feature Mining via Attention-based BiLSTM-GCN for Human Motor Imagery Recognition},
	author={Hou, Yimin and Jia, Shuyue and Zhang, Shu and Lun, Xiangmin and Shi, Yan and Li, Yang and Yang, Hanrui and Zeng, Rui and Lv, Jinglei},
	journal={arXiv preprint arXiv:2005.00777},
	year={2020}
}

@inproceedings{pascanu2013difficulty,
	title={On the difficulty of training recurrent neural networks},
	author={Pascanu, Razvan and Mikolov, Tomas and Bengio, Yoshua},
	booktitle={International conference on machine learning},
	pages={1310--1318},
	year={2013}
}

@article{lample2016neural,
	title={Neural architectures for named entity recognition},
	author={Lample, Guillaume and Ballesteros, Miguel and Subramanian, Sandeep and Kawakami, Kazuya and Dyer, Chris},
	journal={arXiv preprint arXiv:1603.01360},
	year={2016}
}

@article{li2020survey,
	title={A survey on deep learning for named entity recognition},
	author={Li, Jing and Sun, Aixin and Han, Jianglei and Li, Chenliang},
	journal={IEEE Transactions on Knowledge and Data Engineering},
	year={2020},
	publisher={IEEE}
}